i ID: author1:...:authorx:year
% Using usera field to define the abbrev name of the authors (or scheme)
% Using userb field to define the tool or program name
@inproceedings{catalano:fiore:2013,
  author    = {Dario Catalano and Dario Fiore},
  title     = {{Practical Homomorphic MACs for Arithmetic Circuits}},
  year      = 2013,
  booktitle = {Advances in Cryptology - Eurocrypt 2013},
  volume    = {7881},
  pages     = {336},
  doi       = {10.1007/978-3-642-38348-9_21},
  usera     = {CF},
}

@inproceedings{backes:fiore:reischuk:2013,
   author     = {Backes, Michael and Fiore, Dario and Reischuk, Raphael M.},
   title      = {Verifiable delegation of computation on outsourced data},
   year       = {2013},
   booktitle  = {{Proceedings of the 2013 ACM SIGSAC conference on Computer \& communications security}},
   series     = {CCS '13},
   isbn       = {978-1-4503-2477-9},
   location   = {Berlin, Germany},
   pages      = {863--874},
   numpages   = {12},
   url        = {http://doi.acm.org/10.1145/2508859.2516681},
   doi        = {10.1145/2508859.2516681},
   acmid      = {2516681},
   publisher  = {ACM},
   address    = {New York, NY, USA},
   usera      = {BFR},
}

@article{gennaro:wichs:2012,
  author    = {Rosario Gennaro and Daniel Wichs},
  title     = {{Fully Homomorphic Message Authenticators}},
  year      = {2012},
  journal   = {IACR Cryptology ePrint Archive},
  volume    = {2012},
  pages     = {290},
  url       = {http://eprint.iacr.org/2012/290},
  usera     = {GW},
}

@inproceedings{gentry:2009:FHE,
  author     = {Gentry, Craig},
  title      = {{Fully Homomorphic Encryption Using Ideal Lattices}},
  year       = {2009},
  booktitle  = {Proceedings of the 41st Annual ACM Symposium on Theory of Computing},
  series     = {STOC '09},
  isbn       = {978-1-60558-506-2},
  location   = {Bethesda, MD, USA},
  pages      = {169--178},
  numpages   = {10},
  url        = {http://doi.acm.org/10.1145/1536414.1536440},
  doi        = {10.1145/1536414.1536440},
  acmid      = {1536440},
  publisher  = {ACM},
  address    = {New York, NY, USA},
} 

@incollection{boneh:freeman:2011,
  author      = {Boneh, Dan and Freeman, David Mandell},
  title       = {Homomorphic Signatures for Polynomial Functions},
  year        = {2011},
  isbn        = {978-3-642-20464-7},
  booktitle   = {Advances in Cryptology – EUROCRYPT 2011},
  volume      = {6632},
  series      = {Lecture Notes in Computer Science},
  editor      = {Paterson, KennethG.},
  doi         = {10.1007/978-3-642-20465-4_10},
  url         = {http://dx.doi.org/10.1007/978-3-642-20465-4_10},
  publisher   = {Springer Berlin Heidelberg},
  keywords    = {Homomorphic signatures; ideals; lattices},
  pages       = {149-168},
  usera       = {BF},
}

@inproceedings{parno:howell:gentry:raykova:2013,
  author     = {Parno, Bryan and Gentry, Craig and Howell, Jon and Raykova,
    Mariana},
  title      = {{Pinocchio: Nearly Practical Verifiable Computation}},
  booktitle  = {Proceedings of the 2013 IEEE Symposium on Security and Privacy},
  series     = {SP '13},
  year       = {2013},
  isbn       = {978-0-7695-4977-4},
  pages      = {238--252},
  numpages   = {15},
  url        = {http://dx.doi.org/10.1109/SP.2013.47},
  doi        = {10.1109/SP.2013.47},
  acmid      = {2498115},
  publisher  = {IEEE Computer Society},
  address    = {Washington, DC, USA},
  usera      = {PHGR},
  note       = {Source available at \url{https://vc.codeplex.com/}},
  userb      = {Pinocchio},
}

@article{johnson:molnar:song:wagner:2002,
  author      = {Johnson, Robert and Molnar, David and Song, Dawn and Wagner, David},
  title       = {{Homomorphic Signature Schemes}},
  year        = {2002},
  doi         = {10.1007/3-540-45760-7_17},
  isbn        = {978-3-540-43224-1},
  journal     = {Topics in Cryptology — CT-RSA 2002},
  number      = {Section 4},
  pages       = {244--262},
  volume      = {28913},
  publisher   = {Springer},
  usera       = {JMSW},
}

@article{rivest:adleman:dertouzos:1978,
  title     = {{On Data Banks and Privacy Homomorphisms}},
  author    = {Rivest, Ronald L. and Adleman, Len and Dertouzos, Michael L.},
  journal   = {Foundations of Secure Computation},
  volume    = {32},
  number    = {4},
  pages     = {169--178},
  year      = {1978},
  usera     = {RAD},
}

@inproceedings{rivest:micali:chari:rabin:2001,
  title       = {{Two Signature Schemes}},
  author      = {Rivest, Ronald L. and Silvio Micali and Suresh Chari and Tal Rabin},
  year        = {2001},
  publisher   = {{Presented at Cambridge University}},
  usera       = {RMCR},
}

@incollection{boneh:boyen:shacham:2004,
  author      = {Boneh, Dan and Boyen, Xavier and Shacham, Hovav},
  title       = {{Short Group Signatures}},
  year        = {2004},
  booktitle   = {Advances in Cryptology - CRYPTO 2004},
  doi         = {10.1007/978-3-540-28628-8_3},
  editor      = {Franklin, Matt},
  isbn        = {978-3-540-22668-0},
  issn        = {00221767},
  pages       = {227--242},
  pmid        = {12707323},
  publisher   = {Springer Berlin / Heidelberg},
  series      = {Lecture Notes in Computer Science},
  volume      = {3152},
  usera       = {BBS},
}

@inproceedings{gentry:peikert:vaikuntanathan:2008,
  author      = {Gentry, Craig and Peikert, Chris and Vaikuntanathan, Vinod},
  title       = {{Trapdoors for Hard Lattices and New Cryptographic Constructions}},
  year        = {2008},
  address     = {New York, NY, USA},
  booktitle   = {Proceedings of the 40th Annual ACM Symposium on Theory of Computing},
  doi         = {10.1145/1374376.1374407},
  isbn        = {978-1-60558-047-0},
  keywords    = {lattice-based cryptography,trapdoor functions},
  pages       = {197--206},
  publisher   = {ACM},
  series      = {STOC '08},
  url         = {http://doi.acm.org/10.1145/1374376.1374407},
  usera       = {GPV},
}

@article{Kahn:1962,
  author      = {Kahn, A. B.},
  title       = {{Topological Sorting of Large Networks}},
  journal     = {Commun. ACM},
  issue_date  = {Nov. 1962},
  volume      = {5},
  number      = {11},
  month       = nov,
  year        = {1962},
  issn        = {0001-0782},
  pages       = {558--562},
  numpages    = {5},
  url         = {http://doi.acm.org/10.1145/368996.369025},
  doi         = {10.1145/368996.369025},
  acmid       = {369025},
  publisher   = {ACM},
  address     = {New York, NY, USA},
}

@manual{gmp,
  author      = {Torbjörn Granlund and {the GMP development team}},
  title       = {{GNU MP}: {T}he {GNU} {M}ultiple {P}recision {A}rithmetic
                {L}ibrary},
  edition     = {6.0.0},
  year        = 2014,
  url         = {https://gmplib.org},
}

@manual{ntl,
  author      = {Shoup, Victor},
  title       = {{NTL}: {A Library for doing Number Theory}},
  edition     = {6.2.1},
  year        = 2014,
  url         = {http://www.shoup.net/ntl/},
}

@manual{libgcrypt,
  author      = {Werner Koch and {the Libgcrypt development team}},
  title       = {Libgcrypt},
  edition     = {1.6.2},
  year        = 2014,
  url         = {https://www.gnu.org/software/libgcrypt/},
}

@manual{sage,
  author      = {Stein, William and {the Sage development team}},
  title       = {{Sage}},
  edition     = {6,3},
  year        = {2014},
  url         = {http://www.sagemath.org/},
}

@article{Fateman:2010,
  author      = {Fateman, Richard J.},
  title       = {{Can You Save Time in Multiplying Polynomials By Encoding Them
                as Integers?}},
  year        = 2010,
  url         = {http://www.cs.berkeley.edu/~fateman/papers/polysbyGMP2.pdf},
  issue_date  = {Aug. 2010},
}

@article{Shpilka:2010,
  address     = {Hanover, MA, USA},
  author      = {Shpilka, Amir and Yehudayoff, Amir},
  doi         = {10.1561/0400000039},
  issn        = {1551-305X},
  journal     = {Foundations and Trends in Theoretical Computer Science},
  month       = mar,
  pages       = {207--388},
  publisher   = {Now Publishers Inc.},
  title       = {{Arithmetic Circuits: A Survey of Recent Results and Open Questions}},
  url         = {http://dx.doi.org/10.1561/0400000039},
  volume      = {5},
  year        = {2010}
}

@article{tarjan1972depth,
  title       = {Depth-first search and linear graph algorithms},
  author      = {Tarjan, Robert},
  journal     = {SIAM journal on computing},
  volume      = {1},
  number      = {2},
  pages       = {146--160},
  year        = {1972},
  publisher   = {SIAM}
}

@book{Cormen:2009:IAT:1614191,
  author       = {Cormen, Thomas H. and Leiserson, Charles E. and Rivest, Ronald
                 L. and Stein, Clifford},
  title        = {Introduction to Algorithms, Third Edition},
  year         = {2009},
  isbn         = {0262033844, 9780262033848},
  edition      = {3rd},
  publisher    = {The MIT Press},
}

@article{RSA:1978,
  author      = {Rivest, R. L. and Shamir, A. and Adleman, L.},
  title       = {A Method for Obtaining Digital Signatures and Public-key
    Cryptosystems},
  journal     = {Commun. ACM},
  issue_date  = {Feb. 1978},
  volume      = {21},
  number      = {2},
  month       = feb,
  year        = {1978},
  issn        = {0001-0782},
  pages       = {120--126},
  numpages    = {7},
  url         = {http://doi.acm.org/10.1145/359340.359342},
  doi         = {10.1145/359340.359342},
  acmid       = {359342},
  publisher   = {ACM},
  address     = {New York, NY, USA},
}

@article{ElGamal:1985,
  author  = {Elgamal, Taher}, 
  journal = {Information Theory, IEEE Transactions on}, 
  title   = {A public key cryptosystem and a signature scheme based on discrete
    logarithms}, 
  year    = {1985}, 
  month   = {Jul}, 
  volume  = {31}, 
  number  = {4}, 
  pages   = {469-472}, 
  doi     = {10.1109/TIT.1985.1057074},
  ISSN    = {0018-9448},
  url     = {http://dx.doi.org/10.1109/TIT.1985.1057074},
  usera   = {ElGamal},
}

@incollection{Paillier:1999,
  year      = {1999},
  isbn      = {978-3-540-65889-4},
  booktitle = {Advances in Cryptology — EUROCRYPT ’99},
  volume    = {1592},
  series    = {Lecture Notes in Computer Science},
  editor    = {Stern, Jacques},
  doi       = {10.1007/3-540-48910-X_16},
  title     = {Public-Key Cryptosystems Based on Composite Degree Residuosity
    Classes},
  url       = {http://dx.doi.org/10.1007/3-540-48910-X_16},
  publisher = {Springer Berlin Heidelberg},
  author    = {Paillier, Pascal},
  pages     = {223-238},
  usera     = {Paillier},
}

@inproceedings{CramerGennaroSchoen:1997,
  author      = {Cramer, Ronald and Gennaro, Rosario and Schoenmakers, Berry},
  title       = {A Secure and Optimally Efficient Multi-authority Election Scheme},
  booktitle   = {Proceedings of the 16th Annual International Conference on
    Theory and Application of Cryptographic Techniques},
  series      = {EUROCRYPT'97},
  year        = {1997},
  isbn        = {3-540-62975-0},
  location    = {Konstanz, Germany},
  pages       = {103--118},
  numpages    = {16},
  url         = {http://dl.acm.org/citation.cfm?id=1754542.1754554},
  acmid       = {1754554},
  publisher   = {Springer-Verlag},
  address     = {Berlin, Heidelberg},
} 

@inproceedings{Boneh:2005,
  author      = {Boneh, Dan and Goh, Eu-Jin and Nissim, Kobbi},
  title       = {Evaluating 2-DNF Formulas on Ciphertexts},
  booktitle   = {Proceedings of the Second International Conference on Theory
    of Cryptography},
  series      = {TCC'05},
  year        = {2005},
  isbn        = {3-540-24573-1, 978-3-540-24573-5},
  location    = {Cambridge, MA},
  pages       = {325--341},
  numpages    = {17},
  url         = {http://dx.doi.org/10.1007/978-3-540-30576-7_18},
  doi         = {10.1007/978-3-540-30576-7_18},
  acmid       = {2140029},
  publisher   = {Springer-Verlag},
  address     = {Berlin, Heidelberg},
  usera       = {Boneh-Goh-Nissin},
} 

@inproceedings{Helios:2008,
  author      = {Adida, Ben},
  title       = {Helios: Web-based Open-audit Voting},
  booktitle   = {Proceedings of the 17th Conference on Security Symposium},
  series      = {SS'08},
  year        = {2008},
  location    = {San Jose, CA},
  pages       = {335--348},
  numpages    = {14},
  url         = {http://dl.acm.org/citation.cfm?id=1496711.1496734},
  acmid       = {1496734},
  publisher   = {USENIX Association},
  address     = {Berkeley, CA, USA},
}

@article{eprint:2009:547,
  author        = {Gennaro, Rosario and Gentry, Craig and Parno, Bryan},
  title         = {{Non-Interactive Verifiable Computing: Outsourcing
Computation to Untrusted Workers}},
  howpublished  = {Cryptology ePrint Archive, Report 2009/547},
  year          = {2009},
  url           = {https://eprint.iacr.org/2009/547},
}

@article{Pippenger:1979:RCM,
  author      = {Pippenger, Nicholas and Fischer, Michael J.},
  title       = {Relations Among Complexity Measures},
  journal     = {J. ACM},
  issue_date  = {April 1979},
  volume      = {26},
  number      = {2},
  month       = Apr,
  year        = {1979},
  issn        = {0004-5411},
  pages       = {361--381},
  numpages    = {21},
  url         = {http://doi.acm.org/10.1145/322123.322138},
  doi         = {10.1145/322123.322138},
  acmid       = {322138},
  publisher   = {ACM},
  address     = {New York, NY, USA},
}

@misc{cryptoeprint:2011:443,
  author        = {Nir Bitansky and Ran Canetti and Alessandro Chiesa and Eran Tromer},
  title         = {From Extractable Collision Resistance to Succinct
    Non-Interactive Arguments of Knowledge, and Back Again},
  howpublished  = {Cryptology ePrint Archive, Report 2011/443},
  year          = {2011},
  url           = {http://eprint.iacr.org/},
}

@article{Turing01011937,
  author    = {Alan Mathison Turing},
  title     = {On Computable Numbers, with an Application to the
    Entscheidungsproblem},
  volume    = {s2-42}, 
  number    = {1}, 
  pages     = {230-265}, 
  year      = {1937}, 
  doi       = {10.1112/plms/s2-42.1.230}, 
  url       = {http://plms.oxfordjournals.org/content/s2-42/1/230.short}, 
  journal   = {Proceedings of the London Mathematical Society} 
}

@incollection{generalhmac,
author    = {Catalano, Dario and Fiore, Dario and Gennaro, Rosario and
  Nizzardo, Luca},
year      = {2014},
isbn      = {978-3-642-54630-3},
booktitle = {Public-Key Cryptography – PKC 2014},
volume    = {8383},
series    = {Lecture Notes in Computer Science},
editor    = {Krawczyk, Hugo},
doi       = {10.1007/978-3-642-54631-0_31},
title     = {Generalizing Homomorphic MACs for Arithmetic Circuits},
url       = {http://dx.doi.org/10.1007/978-3-642-54631-0_31},
publisher = {Springer Berlin Heidelberg},
pages     = {538-555},
language  = {English}
}

@misc{cryptoeprint:2013:879,
  author        = {Eli Ben-Sasson and Alessandro Chiesa and Eran Tromer and
    Madars Virza},
  title         = {Succinct Non-Interactive Zero Knowledge for a von Neumann
    Architecture},
  howpublished  = {Cryptology ePrint Archive, Report 2013/879},
  year          = {2013},
  note          = {\url{http://eprint.iacr.org/}},
}
@misc{tinyram,
  author        = {Eli Ben-Sasson and Alessandro Chiesa and Daniel Genkin and
    Eran Tromer and Madars Virza},
  title         = {SNARKs for C: Verifying Program Executions Succinctly and in
    Zero Knowledge},
  howpublished  = {Cryptology ePrint Archive, Report 2013/507},
  year          = {2013},
  note          = {\url{http://eprint.iacr.org/}},
  userb         = {\textsf{TinyRAM}},
}

@article{lubyrackoff,
  title     = {How to construct pseudorandom permutations from pseudorandom
    functions},
  author    = {Luby, Michael and Rackoff, Charles},
  journal   = {SIAM Journal on Computing},
  volume    = {17},
  number    = {2},
  pages     = {373--386},
  year      = {1988},
  publisher = {SIAM}
}
